<?xml version="1.0" encoding="UTF-8" ?>
<record Numero="13919589" format="InterXMarc_Complet" type="Authority">
<leader>00505c0 au22000272  45  <Pos Code="0004">00505</Pos>
<Pos Code="05" Sens="notice modifiée">c</Pos>
<Pos Code="06" Sens="notice validée par les services d&apos;autorité">0</Pos>
<Pos Code="08" Sens="notice d&apos;autorité">a</Pos>
<Pos Code="09" Sens="titre uniforme musical (TUM)">u</Pos>
<Pos Code="10">2</Pos>
<Pos Code="11">2</Pos>
<Pos Code="1216">00027</Pos>
<Pos Code="17" Sens="autres cas">2</Pos>
<Pos Code="20">4</Pos>
<Pos Code="21">5</Pos>
</leader>
<controlfield tag="001">FRBNF13919589X<Pos Code="0001">FR</Pos>
<Pos Code="0204">BNF</Pos>
<Pos Code="0512">13919589</Pos>
<Pos Code="13">X</Pos>
</controlfield>
<controlfield tag="008">890821140327yy    zz        1954      1955                   010 <Pos Code="0001">89</Pos>
<Pos Code="0203">08</Pos>
<Pos Code="0405">21</Pos>
<Pos Code="0607">14</Pos>
<Pos Code="0809">03</Pos>
<Pos Code="1011">27</Pos>
<Pos Code="1213" Sens="ne s&apos;applique pas">yy</Pos>
<Pos Code="1820">zz </Pos>
<Pos Code="2831">1954</Pos>
<Pos Code="3841">1955</Pos>
<Pos Code="61" Sens="La vedette peut être liée à une notice bibliographique pour les accès signalétiques et/ou pour l&apos;accès matière RAMEAU">0</Pos>
<Pos Code="62" Sens="La vedette ne peut s&apos;employer qu&apos;en tête de vedette">1</Pos>
<Pos Code="63" Sens="La vedette n&apos;admet pas de subdivision géographique">0</Pos>
</controlfield>
<datafield tag="048" ind1=" " ind2=" ">
	<subfield code="a">ka01<Pos Code="0001" Sens="clavier - piano">ka</Pos>
<Pos Code="02">0</Pos>
<Pos Code="03">1</Pos>
</subfield>
</datafield>
<datafield tag="100" ind1=" " ind2=" ">
	<subfield code="3">13900080</subfield>
	<subfield code="w"> 0  b     </subfield>
	<subfield code="a">Stockhausen</subfield>
	<subfield code="m">Karlheinz</subfield>
	<subfield code="d">1928-2007</subfield>
</datafield>
<datafield tag="144" ind1="1" ind2=" ">
	<subfield code="w">....b.....</subfield>
	<subfield code="a">Klavierstück IX</subfield>
	<subfield code="p">Op. 4/V</subfield>
</datafield>
<datafield tag="502" ind1=" " ind2=" ">
	<subfield code="3">13919588</subfield>
	<subfield code="a">Stockhausen</subfield>
	<subfield code="m">Karlheinz</subfield>
	<subfield code="d">1928-2007</subfield>
	<subfield code="t">[Klavierstücke V-X. Op. 4]</subfield>
</datafield>
<datafield tag="600" ind1=" " ind2=" ">
	<subfield code="a">Créé par Aloys Kontarsky le 21 mai 1962, Allemagne, Cologne</subfield>
</datafield>
<datafield tag="600" ind1=" " ind2=" ">
	<subfield code="a">Date de composition : 1954-1955</subfield>
</datafield>
<datafield tag="610" ind1=" " ind2=" ">
	<subfield code="a">Grove 6</subfield>
</datafield>
<datafield tag="610" ind1=" " ind2=" ">
	<subfield code="a">IRCAM</subfield>
	<subfield code="u">http://brahms.ircam.fr</subfield>
	<subfield code="d">2013-11-23</subfield>
</datafield>
<datafield tag="917" ind1=" " ind2=" ">
	<subfield code="o">OPC</subfield>
	<subfield code="a">100495350</subfield>
</datafield>
<Alter Ori="13900080">
<datafield tag="031" ind1=" " ind2=" ">
	<subfield code="a">0000000117783476</subfield>
	<subfield code="2" Sens="ISNI chargé à partir de VIAF">VIAF</subfield>
	<subfield code="d">20130731<Pos Code="0003">2013</Pos>
<Pos Code="0407" Sens="31 juillet">0731</Pos>
</subfield>
</datafield>
</Alter>
<Attr Nom="IDPerenne">ark:/12148/cb13919589g</Attr>
<Attr Nom="NumSource">OPC 100495350</Attr>
<Attr Nom="Source" Sens="BnF catalogue général (depuis 1999)">A</Attr>
<Attr Nom="NumAutoriteLiee">1390008013919588</Attr>
<Attr Nom="DateCreation">21/08/ 1989</Attr>
<Attr Nom="ResponsableCreation">MIGV2</Attr>
<Attr Nom="StructCreation">1</Attr>
<Attr Nom="DateDerniereValidation">27/03/ 2014</Attr>
<Attr Nom="ResponsableDerniereValidation">NGUYEN MARIE</Attr>
<Attr Nom="StructPremiereValidation">1</Attr>
<Attr Nom="DatePremiereValidation">21/08/ 1989</Attr>
<Attr Nom="ResponsablePremiereValidation">MIGV2</Attr>
<Attr Nom="StructDerniereValidation">65</Attr>
<Attr Nom="NumSource">OPP 14292901</Attr>
</record>
